@book{rawlings2017model,
  title={Model predictive control: theory, computation, and design},
  author={Rawlings, James Blake and Mayne, David Q and Diehl, Moritz},
  volume={2},
  year={2017},
  publisher={Nob Hill Publishing Madison, WI}
}

@misc{CayleyHamiltonTheorem,
  title = {	The Cayley-Hamilton Theorem and the Matrix Exponential},
  howpublished = {\url{http://web.archive.org/web/20041123013742/http://web.mit.edu/2.151/www/Handouts/CayleyHamilton.pdf}},
  note = {Accessed: 2004-11-23}
}




